<?xml version="1.0" encoding="UTF-8"?><collection xmlns="http://www.loc.gov/MARC21/slim"><record><leader>00386nam--2200133-i-4500</leader><controlfield tag="001">000021919</controlfield><controlfield tag="002">20161230</controlfield><controlfield tag="005">20161230201034</controlfield><controlfield tag="008">060222s1000------------r-----000-0-eng-d</controlfield><datafield ind1=" " ind2=" " tag="100"><subfield code="a">Ingold, C.K</subfield></datafield><datafield ind1=" " ind2=" " tag="245"><subfield code="a">Substitutiion at elements other than carbon</subfield></datafield><datafield ind1=" " ind2=" " tag="260"><subfield code="a">Jerusalem, The Weizmann Science Press Of Israel, 1959. 52p</subfield></datafield><datafield ind1=" " ind2=" " tag="490"><subfield code="a">Fifth Weizmann Memorial Lect.Series</subfield></datafield><datafield ind1=" " ind2=" " tag="852"><subfield code="a">16276</subfield></datafield></record></collection>